<collection xmlns="http://www.loc.gov/MARC21/slim">
<record>
  <leader>00822nam0a22001691i 450 </leader>
  <controlfield tag="001">IT\ICCU\CNCE\050066</controlfield>
  <controlfield tag="005">20000225000000.0</controlfield>
  <datafield tag="012" ind1=" " ind2=" ">
    <subfield code="a">o.in roa, i-si cone (3) 1583 (Q)</subfield>
    <subfield code="2">fei</subfield>
  </datafield>
  <datafield tag="100" ind1=" " ind2=" ">
    <subfield code="a">19991216f1583        0itac0103    ba</subfield>
  </datafield>
  <datafield tag="101" ind1=" " ind2=" ">
    <subfield code="a">ITA</subfield>
  </datafield>
  <datafield tag="102" ind1=" " ind2=" ">
    <subfield code="a">IT</subfield>
  </datafield>
  <datafield tag="200" ind1="1" ind2=" ">
    <subfield code="a">Regola et ordini datta, et prescritti dalla felicissima memoria di santo Carlo Borromeo cardinale di santa Prassede arciuescouo de Milano. Alle pouere donne, et putte orfane di santa Catherina di P.N. de Milano, et a suoi priori et deputati l&apos;anno di nostra salute 1583</subfield>
  </datafield>
  <datafield tag="210" ind1=" " ind2=" ">
    <subfield code="a">In Milano</subfield>
    <subfield code="c">per Melchior Malatesta stampatore reg. e duc.</subfield>
    <subfield code="d">\1583!</subfield>
  </datafield>
  <datafield tag="215" ind1=" " ind2=" ">
    <subfield code="a">32 p.</subfield>
    <subfield code="d">4ʻ</subfield>
  </datafield>
  <datafield tag="300" ind1=" " ind2=" ">
    <subfield code="a">La data di stampa si ricava dal datum a p. 32.E&apos; UNA SECENTINA (V. TIP. )</subfield>
  </datafield>
  <datafield tag="801" ind1=" " ind2="3">
    <subfield code="a">IT</subfield>
    <subfield code="b">ICCU</subfield>
    <subfield code="c">20201115</subfield>
  </datafield>
  <datafield tag="899" ind1=" " ind2=" ">
    <subfield code="a">Biblioteca nazionale Braidense. Milano</subfield>
    <subfield code="1">MI0185</subfield>
    <subfield code="2">MIL NB</subfield>
  </datafield>
</record>
</collection>
